2446 3191
1255 504 1517 536 EXPLICATIO.

674 615 740 644 Iloc
755 613 841 643 modo
856 622 962 642 novem
977 611 1079 640 adsunt
1093 608 1310 639 observationes
1325 608 1375 646 (de
1390 607 1596 638 observatione
1611 607 1686 637 enim
1702 607 1803 647 prima,
1818 608 1870 637 sub
1885 608 1968 638 litera
1985 612 2018 644 C;
2037 609 2120 639 sicuti
2136 611 2170 639 de

598 666 723 695 secunda
737 665 837 693 literae
853 666 888 700 E,
904 663 976 691 infra
992 672 1079 702 pauca
1093 661 1223 690 adiiciam
1237 659 1340 697 verba)
1357 670 1389 688 ex
1405 659 1508 698 quibus
1523 658 1666 698 sequitur:
1685 658 1814 688 femellas
1823 659 1874 703 *die
1889 666 1933 697 23,
1948 661 1992 697 ¹⁷⁴2,
2007 667 2051 697 28,
2066 667 2111 698 21,
2126 667 2171 698 37,

603 723 645 753 18,
661 717 704 751 sm,
718 716 753 747 1¹19
768 720 796 743 et
813 721 843 743 13
858 720 923 753 post
936 719 1049 753 partum
1065 723 1128 741 cum
1145 721 1222 740 mare
1239 711 1348 740 coitum
1364 710 1535 739 exercuisse.

675 766 705 794 Si
724 775 875 794 numerum
895 763 1145 804 proportionalem
1166 762 1292 791 medium
1313 761 1357 790 his
1380 771 1412 789 ex
1434 760 1504 789 datis
1524 760 1625 790 diebus
1647 760 1886 800 quaesiverimus,
1909 760 2088 791 inveniemus
2109 761 2170 791 fere

598 827 750 846 numerum
765 822 810 852 31,
829 826 887 854 quo
902 815 1073 851 declaratur,
1092 820 1204 853 tempus
1218 811 1438 853 proportIOnale
1454 811 1579 840 medium
1594 822 1627 840 ex
1642 811 1800 841 observatis
1815 822 1889 841 esse:
1908 819 1938 842 31
1957 812 2079 842 dIerum.

674 867 717 896 Ex
735 866 984 896 observationibus
998 867 1066 894 Fet
1083 867 1118 902 G,
1137 872 1202 893 nam
1217 875 1282 893 cum
1296 866 1331 891 H
1343 874 1388 892 res
1407 862 1492 892 aliter
1511 873 1540 892 se
1555 862 1652 900 babet,
1670 869 1782 902 tempus
1798 862 2018 902 proportionale
2034 863 2171 901 medium,

599 929 657 958 quo
675 917 770 957 pullae
785 917 917 945 femellae
933 916 1088 955 concipere
1107 915 1226 954 possint,
1244 920 1277 944 53
1295 914 1356 942 fere
1371 913 1441 949 dies,
1460 913 1591 952 sequitur
1606 924 1676 943 esse.

677 967 821 996 Omnibus
840 967 883 995 his
903 966 1154 995 observationibus
1174 965 1349 993 declaratur:
1374 963 1502 993 femellas
1522 964 1630 992 adultas
1648 967 1682 994 63
1697 964 1767 1000 dies,
1786 964 1877 1003 pullas
1896 970 1991 994 autem
2013 968 2046 994 60
2063 965 2122 994 dies
2142 965 2171 994 in

599 1025 684 1048 utero
699 1028 814 1059 gerere.
848 1018 891 1045 Ex
910 1017 953 1045 his
972 1023 1068 1045 autem
1086 1015 1213 1045 numeris
1232 1015 1372 1053 sequitur,
1391 1021 1542 1054 parentum
1557 1014 1618 1054 pari
1632 1015 1756 1052 adiecto,
1777 1026 1835 1045 non
1850 1014 1932 1054 plura
1947 1026 2030 1054 quam
2047 1019 2080 1046 68
2097 1015 2171 1044 indi-

599 1069 694 1105 vidua,
712 1069 795 1097 unius
810 1068 876 1097 anni
890 1067 991 1108 spatio,
1010 1078 1043 1096 ex
1057 1067 1118 1106 pari
1133 1077 1190 1095 uno
1205 1066 1324 1106 prodire
1338 1075 1431 1106 posse.
2152 1097 2165 1109 '

676 1119 766 1156 Quod
781 1119 836 1148 dixi
850 1125 949 1148 ternos
963 1118 1082 1158 prodire
1096 1117 1202 1158 pullOS,
1221 1116 1334 1146 calculo
1349 1116 1509 1146 defendere
1523 1127 1653 1156 possum3
1671 1116 1729 1146 vidi
1746 1116 1832 1153 enim,
1851 1117 1893 1145 uti
1910 1117 1965 1146 iam
1980 1128 2074 1157 supra,
2090 1124 2171 1157 p.20.

599 1170 752 1207 affirmavi,
771 1169 932 1209 saepissime
952 1169 1006 1198 tria
1025 1169 1103 1198 nasci
1124 1168 1285 1205 individua,
1304 1168 1450 1196 interdum
1472 1168 1545 1204 duo,
1569 1167 1660 1197 rarius
1679 1173 1773 1196 autem
1795 1178 1899 1204 unum,
1923 1174 2009 1207 atque
2029 1168 2172 1198 rarissime

599 1227 747 1260 quattuor;
764 1231 817 1260 per
831 1230 916 1249 omne
932 1219 1008 1248 enim
1023 1225 1145 1259 tempus,
1164 1229 1222 1257 quo
1237 1218 1307 1246 haec
1321 1217 1490 1246 animalcula
1505 1227 1618 1246 mecum
1631 1217 1782 1254 habebam,
1802 1218 1845 1247 bis
1863 1218 1933 1247 mihi
1949 1225 2086 1257 quattuor
2099 1219 2171 1259 pulli

599 1278 665 1301 sunt
682 1272 749 1300 nati.
777 1272 923 1299 Numerus
941 1276 1036 1299 autem
1056 1269 1284 1309 proportionalis
1303 1269 1413 1297 medius
1429 1268 1505 1297 inter
1518 1274 1544 1304 2,
1560 1275 1576 1298 3
1592 1275 1621 1298 et
1635 1269 1661 1305 st,
1676 1275 1719 1298 est
1733 1275 1759 1298 3.
1788 1269 1841 1298 Eas
1853 1279 1925 1298 vero
1942 1269 2170 1307 observationes,

599 1322 701 1361 quibus
720 1321 924 1350 unum⁷solum
945 1321 1055 1360 pullum
1075 1320 1145 1349 mibi
1164 1319 1278 1360 peperit
1298 1326 1403 1356 mater,
1426 1319 1555 1360 neglexi,
1581 1325 1612 1349 ut
1631 1330 1799 1357 numerum,
1823 1320 1872 1359 qui
1892 1320 2098 1359 exspectandus
2118 1327 2170 1357 est,

597 1373 748 1401 maximum
764 1371 911 1411 pullorum
927 1371 1039 1399 calculo
1054 1371 1226 1410 acciperem.

674 1421 901 1451 Observationes
918 1425 941 1449 C
953 1427 981 1450 et
996 1424 1023 1448 E
1037 1421 1150 1457 eodem,
1171 1426 1203 1449 ut
1217 1420 1317 1456 credo,
1336 1419 1410 1456 iure,
1429 1420 1464 1448 ad
1483 1419 1624 1448 calculum
1645 1431 1704 1449 non
1724 1420 1837 1456 vocavi,
1857 1431 1914 1459 quo
1936 1421 2170 1451 observationem

596 1473 648 1503 sub
663 1473 745 1502 litera
759 1475 797 1510 H,
813 1472 937 1513 neglexi.
965 1472 1067 1501 Partus
1082 1471 1168 1508 enim,
1184 1481 1256 1510 quos
1271 1471 1371 1500 iterata
1387 1470 1552 1509 conceptio,
1571 1470 1742 1500 brevissimo
1758 1471 1785 1499 in
1802 1470 1896 1500 tabula
1912 1477 2012 1501 notato
2028 1478 2171 1512 tempore,

597 1531 692 1553 secuta
708 1530 777 1560 erat,
796 1523 913 1552 abortus
928 1523 1056 1559 suerunt,
1075 1522 1153 1561 quod
1172 1522 1201 1551 in
1216 1525 1239 1550 C
1252 1527 1434 1550 mortuorum
1448 1527 1534 1560 atque
1548 1521 1583 1550 ab
1599 1521 1703 1551 adultis
1717 1532 1883 1551 arrosorum
1898 1521 2045 1562 pullorum
2060 1523 2171 1560 dentes,

597 1575 667 1603 mihi
689 1574 805 1614 planum
826 1574 976 1608 fecerunt,
1003 1573 1032 1602 in
1052 1576 1080 1601 E
1097 1579 1192 1602 autem
1213 1572 1305 1601 forma
1326 1571 1419 1601 omnis
1439 1578 1468 1600 et
1486 1572 1654 1612 magnitudo
1675 1572 1884 1612 embryonum,
1909 1584 1980 1612 quos
2006 1573 2035 1602 in
2056 1573 2171 1613 liquore

596 1635 691 1661 servo,
710 1625 774 1654 satis
793 1624 927 1653 abortum
947 1624 1112 1653 declaravit.
1140 1623 1226 1652 Tales
1239 1629 1334 1651 autem
1350 1622 1491 1651 rarissime
1506 1623 1670 1652 accidentes
1685 1634 1763 1653 casus
1780 1623 1814 1652 ad
1835 1623 1975 1653 calculum
1990 1635 2096 1654 vocare
2112 1636 2170 1654 non

599 1675 749 1704 videbatur
765 1675 834 1704 mihi
850 1675 949 1704 licere.
982 1675 1063 1703 Idem
1079 1674 1153 1704 valet
1170 1675 1205 1703 (le
1221 1673 1425 1703 observatione
1440 1676 1478 1709 Il,
1498 1673 1527 1702 in
1544 1685 1598 1713 qua
1613 1673 1724 1713 pullum
1739 1685 1846 1703 marem
1862 1685 1927 1704 cum
1942 1675 2019 1714 pulla
2034 1676 2170 1705 coniunxi

599 1726 724 1763 femella,
742 1732 827 1764 atque
842 1726 927 1755 ambo
941 1726 1012 1754 haec
1031 1725 1211 1761 animalcula,
1233 1734 1322 1763 usque
1342 1724 1376 1752 ad
1398 1723 1531 1753 femellae
1551 1731 1674 1764 partum,
1690 1736 1704 1754 a
1718 1725 1836 1765 reliquis
1850 1725 2028 1755 animalculis
2043 1727 2169 1756 seiuncta

597 1777 741 1807 tenebam.
776 1776 876 1812 Quum
895 1783 990 1805 autem
1009 1776 1104 1815 pullae
1125 1775 1258 1804 femellae
1276 1786 1339 1804 cum
1360 1774 1485 1803 maribus
1504 1776 1606 1804 adultis
1626 1776 1819 1813 conveniunt,
1838 1775 1883 1813 bi,
1904 1788 1996 1806 mares
2012 1777 2141 1807 iuniores
2155 1788 2169 1807 a

599 1827 678 1856 coitu
695 1837 796 1856 arcere
816 1827 925 1863 solent,
949 1827 1001 1866 ipsi
1021 1832 1158 1856 coeuntes
1178 1837 1243 1854 cum
1265 1825 1387 1854 femellis
1408 1825 1498 1853 multo
1518 1826 1613 1865 prius,
1637 1837 1720 1865 quam
1740 1833 1868 1866 tempus,
1893 1827 2047 1857 indicatum
2069 1829 2121 1858 liae
2142 1829 2169 1858 in

599 1877 818 1915 observatione,
841 1877 1066 1917 praeterlapsum
1089 1883 1140 1907 est.
1174 1877 1207 1905 Id
1225 1876 1303 1915 quod
1323 1875 1388 1905 satis
1408 1875 1534 1905 declarat
1548 1876 1652 1906 tabula.
