2446 3191
1044 159 1096 201 19

285 260 338 295 nis
373 256 574 294 fecundatis
608 269 683 293 non
717 256 912 305 repetitur,
956 255 1023 290 nisi
1059 255 1289 304 potissimum
1324 259 1592 306 praegnationis
1628 262 1749 305 initio,
1794 273 1853 300 aut

283 335 473 378 praesente
500 325 718 376 pulmonum
745 324 896 368 morbo;
928 331 963 359 et
991 322 1090 373 quod
1119 323 1207 359 haec
1234 337 1290 360 res
1312 324 1499 376 hucusque
1522 327 1641 363 solum
1663 331 1698 364 in
1722 331 1853 368 femina

284 395 452 439 humana,
490 394 599 443 Equo
627 392 783 437 caballo,
819 392 921 429 Bove
948 400 1066 436 tauro,
1105 392 1270 437 Camelo,
1306 401 1416 443 atque
1444 397 1481 430 in
1508 397 1549 431 iis
1577 397 1700 433 bestiis
1729 398 1852 435 dome-

283 466 392 507 sticis,
431 475 522 512 quae
549 462 787 512 pulmonibus
815 462 1061 511 aegrotabant,
1098 474 1212 511 aeque
1240 475 1281 497 ac
1308 464 1345 498 in
1372 465 1426 508 iis,
1459 478 1616 514 quorum
1643 475 1769 503 natura
1796 482 1853 504 su-

282 532 589 582 persoetationem
616 530 698 576 fert,
731 544 763 566 e.
782 544 815 580 g.
846 532 884 566 in
911 543 1041 580 genere
1070 531 1253 580 leporino,
1286 532 1475 569 observata
1504 542 1569 570 est.

383 600 442 636 De
477 602 576 636 coitu
609 601 750 650 saepius
784 602 959 649 repetito,
1005 601 1042 635 in
1079 599 1188 636 Cavia
1225 599 1392 652 Cobaya,
1437 616 1615 652 nusquam
1649 604 1736 654 quid
1769 605 1851 655 legi,

283 670 351 705 nisi
379 671 416 704 in
444 668 543 705 (loct.
564 669 759 705 Freuler
785 668 900 714 libro,
937 682 994 705 me
1023 676 1143 705 autem
1170 683 1358 720 nunquam
1386 683 1469 707 eum
1495 674 1611 722 repeti
1634 672 1764 709 vidisse
1792 673 1853 709 ad-

284 738 426 774 firmare
452 751 615 788 possum.
1423 726 1425 729 r

384 807 443 843 De
470 806 780 857 superfoetatione
809 805 941 842 Caviae
971 806 1142 857 Cobayae
1177 808 1248 842 iam
1276 806 1456 858 discrepat
1483 810 1576 844 inter
1601 811 1698 846 viros
1727 810 1854 847 doctos

283 877 409 925 reique
436 877 588 925 peritos,
620 883 728 925 atque
757 888 823 924 ego
852 876 928 925 ipse
957 874 1001 911 de
1030 888 1070 911 ea
1097 875 1202 912 valde
1231 875 1379 922 dubito;
1409 885 1449 913 ut
1476 879 1571 913 enim
1596 881 1700 914 missa
1724 879 1853 915 faciam

283 945 365 989 alia,
395 957 440 980 ne
467 944 570 983 locus
599 943 760 994 quidem,
790 957 859 994 pro
887 944 1074 994 pullorum
1101 944 1360 995 magnitudine,
1392 948 1428 981 in
1452 954 1556 982 utero
1579 947 1744 983 sufficere
1767 962 1852 997 pos-

282 1015 339 1049 sit.
384 1012 509 1059 Quum
540 1015 647 1063 igitur
673 1012 934 1063 superfoetatio
963 1012 1173 1063 accipienda
1201 1027 1277 1050 non
1304 1016 1366 1059 sit,
1404 1017 1463 1050 vix
1489 1017 1630 1065 saepius
1657 1019 1853 1066 repetitum

282 1084 419 1118 coitum
447 1081 595 1118 eredere
621 1094 827 1132 possumus.
874 1082 917 1117 In
944 1082 1014 1117 illis
1043 1084 1139 1117 euim
1168 1084 1496 1127 observationibus,
1535 1098 1627 1133 quae
1655 1085 1699 1119 ab
1729 1094 1852 1121 aucto-

282 1152 382 1186 ribus
409 1152 603 1186 nominatis
630 1157 713 1185 sunt
740 1149 867 1193 factae,
898 1150 1083 1194 femellae,
1122 1159 1271 1200 excepta
1305 1151 1497 1186 hominum
1532 1152 1701 1196 muliere,
1742 1156 1852 1189 maxi-

282 1232 377 1254 mam
403 1227 562 1269 partem,
597 1218 709 1269 paulo
737 1226 933 1268 postquam
961 1217 1102 1263 denuo,
1137 1220 1208 1255 iam
1235 1218 1420 1268 gravidae,
1456 1218 1674 1257 admiserant
1700 1235 1850 1266 marem,

281 1288 450 1323 abortum
477 1287 655 1323 fecerunt.
698 1287 864 1337 Uterque
892 1295 1026 1332 autem,
1059 1300 1169 1337 quem
1196 1290 1233 1323 in
1263 1288 1374 1324 Cavia
1404 1288 1554 1339 Cobaya
1581 1289 1668 1333 vidi,
1705 1291 1854 1326 abortus

281 1369 357 1392 non
385 1355 537 1392 duarum
564 1358 637 1392 sive
663 1358 774 1392 trium
800 1355 1087 1400 hebdomadum,
1117 1358 1170 1391 uti
1197 1358 1267 1391 iam
1295 1370 1401 1406 supra
1424 1356 1611 1402 affirmavi,
1642 1358 1709 1394 fuit
1730 1359 1800 1407 (¹).

384 1425 443 1460 Ill.
465 1424 780 1460 Blumenbach
808 1432 968 1469 auctore,
999 1424 1071 1459 hoc
1099 1425 1357 1461 animalculum
1384 1427 1547 1460 omnium
1575 1426 1649 1461 sere
1678 1427 1852 1463 fertilissi-

284 1507 383 1529 mum
411 1501 464 1529 est
492 1493 562 1542 (2),
600 1506 720 1543 neque
747 1501 882 1537 tamen,
911 1501 952 1528 ut
980 1492 1078 1528 doct.
1104 1493 1295 1529 Freuler
1321 1503 1442 1530 narrat
1470 1494 1540 1543 (³),
1578 1495 1623 1530 ab
1650 1509 1725 1531 uno
1753 1498 1851 1546 pari,

283 1564 388 1598 unius
416 1563 501 1597 anni
527 1563 665 1612 spatio,
702 1561 802 1598 mille
835 1560 1019 1597 individua
1046 1561 1195 1612 prodire
1222 1571 1388 1613 possunt.
1433 1562 1558 1609 Quum
1586 1566 1682 1599 enim
1709 1564 1752 1600 ad
1782 1565 1853 1600 cal-

283 1631 385 1667 culos
412 1629 597 1667 individua
623 1633 842 1675 vocaverim,
875 1644 966 1680 quae
994 1644 1037 1666 ex
1062 1644 1137 1666 uno
1165 1633 1257 1681 pari,
1294 1633 1400 1667 unius
1428 1634 1512 1668 anni
1539 1635 1669 1683 spatio,
1705 1633 1853 1683 prodire

282 1702 441 1750 possint,
479 1713 555 1736 non
587 1699 712 1750 pliues
745 1713 854 1750 quam
884 1713 970 1735 vax
997 1700 1090 1750 pulli
1118 1713 1161 1735 ex
1187 1713 1262 1736 uno
1290 1702 1369 1750 pari
1396 1703 1494 1736 nasci
1520 1714 1628 1750 posse
1655 1702 1743 1737 mihi
1770 1710 1854 1738 sunt

282 1771 360 1805 visi.

385 1836 458 1874 Sed
493 1845 630 1887 quanto
665 1836 720 1882 id,
758 1850 833 1887 quo
866 1837 925 1873 hic
953 1836 1111 1873 calculus
1138 1839 1284 1882 nititur,
1321 1850 1340 1873 a
1367 1845 1493 1874 natura
1521 1838 1712 1884 abhorret,
1750 1847 1851 1875 tanto

283 1908 389 1943 etiam
416 1906 476 1942 hic
501 1920 672 1942 numerus
700 1907 745 1942 ab
773 1906 838 1942 illo
866 1905 1015 1950 recedit,
1048 1919 1157 1956 quem
1184 1908 1221 1942 in
1247 1914 1374 1942 natura
1401 1909 1617 1943 invenimus.

382 1975 494 2011 Posui
522 1977 631 2019 enim,
662 1977 700 2010 in
729 1975 895 2024 quolibet
921 1983 1027 2025 partu
1054 1983 1126 2010 tres
1154 1975 1289 2025 pulIOS,
1321 1983 1356 2010 et
1385 1974 1534 2024 quidem
1556 1975 1732 2020 femellas,
1763 1989 1849 2025 pro-

282 2046 409 2089 creari,
441 2044 641 2094 quamlibet
667 2044 864 2088 femellam,
895 2044 1148 2093 praeterlapsis
1177 2052 1316 2093 septem
1343 2042 1635 2079 hebdomadibus
1657 2052 1853 2094 postquam

281 2115 319 2149 in
346 2113 467 2149 lucem
494 2113 589 2150 edlta
617 2114 743 2157 fuerit,
782 2114 995 2163 concipere,
1032 2121 1139 2162 atque
1167 2114 1291 2162 igitur,
1329 2111 1578 2148 hebdomades
1606 2112 1763 2149 sedecim
1790 2127 1851 2149 na-

357 2277 410 2320 (¹)
439 2281 582 2321 Cf.s=.1pra
605 2288 687 2321 p.18.

359 2336 411 2380 (2)
438 2344 599 2370 Ilandbuslz
613 2347 663 2370 der
675 2345 927 2376 Nalurgeschicme
946 2343 976 2370 S.
987 2346 1028 2371 72.

359 2395 411 2439 (3)
439 2402 472 2430 L.
483 2412 507 2430 c.
526 2408 605 2441 p.13.
623 2401 674 2431 sub
690 2401 786 2430 finem.

1475 2465 1547 2513 [δή
