2446 3191
1035 152 1088 193 23

381 249 514 285 Utrum
548 249 620 284 hoc
655 256 775 283 autem
807 259 826 282 a
858 254 1006 282 naturae
1042 246 1163 295 regula
1196 247 1408 293 abhorreat,
1453 261 1519 285 nec
1559 263 1622 293 ne,
1668 249 1845 286 affirmare

278 317 441 354 nondum
468 330 635 368 possum,
674 316 837 365 quamvis
864 315 1021 364 reliquas
1049 314 1136 350 duas
1163 315 1325 352 femellas
1353 319 1460 352 etiam
1487 317 1647 367 gravidas
1673 318 1839 354 habeam.

278 386 371 422 Nam
398 394 437 422 ut
464 386 530 421 hac
558 384 603 420 de
630 397 668 420 re
697 383 834 434 aliquid
863 386 951 420 certi
979 383 1150 420 affirmari
1176 387 1309 434 possit,
1341 398 1360 422 e
1386 386 1604 431 multorum,
1634 388 1688 422 uti
1716 385 1843 430 crede,

277 468 455 491 annorum
483 455 705 503 experientia
732 452 882 503 pendet.

380 522 597 559 Observatio
625 536 704 558 mea
731 522 793 558 illa
822 521 866 558 de
893 521 1100 572 pullorum,
1140 525 1202 573 qui
1228 525 1348 573 primo
1376 532 1483 575 partu
1510 538 1529 560 a
1554 524 1665 574 pullis
1694 523 1848 559 femellis

276 599 480 637 nascantur,
510 604 597 627 seim
616 591 686 640 (¹),
717 593 744 626 si
769 599 878 635 certa,
908 591 1105 641 multisque
1130 594 1385 642 experimentis
1403 593 1591 629 manifesta
1612 601 1716 637 esset,
1748 591 1848 642 quod

276 661 456 697 affirmare
482 659 649 696 nondum
676 659 808 705 audeo,
839 658 882 695 acl
911 659 1125 696 firmandam
1146 661 1435 712 Hippocratis
1463 669 1572 712 atque
1590 660 1848 698 Aristotelis

276 731 512 774 sententiam,
543 730 644 765 cuius
671 728 724 764 ill.
753 729 804 764 ab
832 728 994 764 Haller
1020 731 1245 766 mentionem
1272 730 1358 766 facit
1386 730 1456 779 (2),
1493 729 1631 781 aliquid
1660 729 1844 766 adiiceret.

274 799 382 835 Nune
415 807 535 834 autem
566 799 716 834 minoris
744 799 921 833 momenti
948 810 1027 833 eam
1054 797 1188 842 habeo,
1225 811 1341 848 usque
1369 798 1413 834 ad
1441 798 1532 834 illud
1559 807 1716 849 tempus,
1756 811 1843 848 quo,

276 867 360 903 dato
390 869 466 903 otio
493 875 602 917 atque
630 866 820 911 facultate,
858 868 896 902 in
929 865 1063 902 horum
1097 866 1400 903 animalculorum
1430 869 1539 904 vitam
1572 868 1701 903 melius
1728 869 1847 917 inqui-

274 949 354 972 rere
382 944 528 986 potero.
572 934 728 972 Silentio
756 943 875 971 autem
902 934 996 971 hanc
1022 948 1155 980 meam,
1187 938 1348 986 quamvis
1371 938 1441 972 iam
1461 938 1648 981 incertam,
1679 937 1846 973 observa-

280 1007 435 1050 tionem,
475 1006 627 1041 omnino
658 1006 828 1049 transire,
865 1003 955 1040 mihi
988 1017 1064 1040 non
1095 1004 1204 1040 licere
1235 1003 1442 1050 videbatur,
1482 1007 1565 1055 quia
1592 1005 1715 1040 forsan
1741 1004 1846 1040 alius-

277 1076 371 1124 quis,
409 1087 449 1109 ea
476 1081 678 1124 permotuS‚
719 1086 834 1123 eaque
863 1072 1004 1117 ductus,
1042 1075 1079 1109 in
1107 1086 1186 1109 eam
1212 1075 1326 1124 prius,
1365 1086 1475 1123 quam
1501 1073 1590 1109 mihi
1618 1073 1767 1110 facultas
1796 1081 1848 1109 est

275 1142 370 1187 data,
402 1144 600 1192 inquirere,
632 1155 784 1191 eamque
811 1141 870 1177 vel
896 1141 1041 1176 firmare
1068 1141 1127 1177 vel
1154 1150 1315 1177 evertere
1342 1143 1491 1191 poterit.

376 1211 454 1246 Hac
483 1211 756 1254 observatione,
793 1211 822 1244 si
848 1209 960 1245 finem
987 1208 1284 1245 adnotationibus
1311 1211 1348 1245 in
1377 1209 1508 1246 Caviae
1538 1209 1708 1261 Cobayae
1736 1209 1847 1246 histo—

276 1282 382 1324 riam,
419 1287 460 1315 ut
493 1281 541 1315 ita
573 1278 708 1323 dicam,
744 1278 1252 1329 physiologico-naturalem,
1290 1280 1461 1329 impono,
1498 1281 1602 1315 venia
1629 1279 1718 1314 mihi
1745 1277 1851 1314 detur

277 1357 381 1399 opto,
419 1347 519 1399 quod
549 1361 591 1384 ex
618 1347 850 1398 praefaminis
878 1349 1056 1383 sententia
1083 1359 1176 1391 mea,
1211 1346 1318 1397 plura
1345 1346 1479 1383 addere
1506 1361 1627 1398 neque
1654 1349 1760 1397 potui
1786 1360 1848 1383 ne-

277 1431 349 1468 que
376 1417 490 1454 volui.
533 1415 598 1452 Sin
625 1424 745 1452 autem
771 1415 877 1466 plura
904 1415 1031 1460 adtuli,
1063 1428 1172 1466 quam
1198 1428 1267 1465 pro
1294 1415 1401 1452 huius
1424 1416 1591 1467 opusculi
1612 1415 1685 1452 fine
1707 1416 1846 1459 liceret,

276 1495 312 1522 et
339 1486 406 1521 hac
432 1487 470 1521 in
496 1497 535 1521 re
562 1484 651 1520 mihi
679 1486 724 1521 sit
750 1486 867 1520 venia.
904 1484 1101 1534 Aggrcssus
1129 1485 1226 1520 enim
1254 1484 1367 1520 semel
1394 1484 1695 1521 animalculorum
1717 1484 1850 1520 horum

276 1554 465 1590 historiam
504 1553 724 1598 naturalem,
765 1554 948 1589 erroribus
981 1554 1204 1603 permagnis,
1245 1554 1308 1603 qui
1342 1553 1549 1590 animalculi
1582 1553 1707 1597 huius,
1747 1551 1847 1603 quod

277 1637 352 1659 non
379 1625 427 1659 ita
451 1636 582 1672 magno
606 1622 734 1658 labore
758 1623 895 1672 acquiri
919 1630 1054 1672 potest,
1085 1621 1272 1658 historiam
1298 1622 1506 1667 obscurant,
1535 1629 1755 1672 provocatus
1773 1635 1847 1657 ma-

276 1693 327 1742 gis
354 1693 552 1741 magisque,
584 1704 825 1741 quaeeunque
852 1705 871 1726 a
898 1704 956 1727 me
985 1691 1172 1727 observata
1194 1690 1340 1727 suerunt
1362 1691 1458 1727 foras
1481 1689 1602 1735 edere,
1633 1703 1848 1740 erroresque

277 1761 360 1796 illos
389 1760 511 1796 delere
539 1768 648 1810 atque
674 1759 810 1809 fugare,
841 1772 884 1795 ex
911 1761 1032 1795 animo
1060 1761 1170 1809 cupii.

379 1827 491 1875 Quod
524 1836 752 1878 quantopere
788 1840 855 1878 ego
887 1840 964 1864 non
996 1829 1063 1863 sim
1090 1835 1272 1864 assecutus
1299 1840 1409 1864 nemo
1436 1841 1494 1865 me
1522 1828 1650 1864 melius
1677 1829 1768 1864 scire
1796 1837 1846 1863 at-

277 1911 348 1948 que
377 1899 508 1934 sentire
536 1905 670 1948 potest.
711 1897 884 1933 Attamen
911 1898 1138 1947 supprimere
1160 1909 1201 1932 ea
1221 1896 1337 1942 nolui,
1369 1909 1462 1947 quae
1480 1897 1569 1933 mihi
1586 1897 1671 1942 levi,
1701 1910 1844 1947 parum-

278 1980 349 2017 que
377 1975 545 2003 accm·ato
574 1967 720 2011 intuitu,
751 1965 838 2002 falsa
866 1973 902 2001 et
929 1964 1141 2015 corrigenda
1167 1964 1396 2001 videbantur.

784 2039 923 2077 (Accedit
940 2039 1037 2069 tabula
1055 2039 1174 2069 rationis
1192 2038 1331 2079 habitae.)

352 2182 404 2225 (¹)
433 2186 480 2216 Cf.
495 2197 579 2226 supra
599 2192 669 2226 p.21
690 2185 784 2215 initio.

353 2240 405 2283 (²)
434 2246 480 2276 Cf.
496 2246 647 2275 Elementa
662 2245 861 2286 physiologiae
880 2244 1056 2274 Tom.V111.
1072 2244 1141 2273 Pars
1152 2244 1176 2273 Ι.
1191 2255 1218 2283 p.
1230 2250 1260 2275 77
1273 2250 1301 2273 et
1318 2250 1358 2275 Ts.

941 2368 1051 2384 *mxxv
1056 2365 1072 2386 '9
1079 2368 1190 2384 Nxmwv
