2446 3191
1042 158 1091 199 13

280 252 462 302 Hyraeum
495 264 645 301 genere,
682 252 719 285 in
746 250 1059 299 nmltungulorum
1088 250 1253 288 ordinem
1281 256 1434 300 reiecto,
1466 257 1509 291 ab
1539 258 1591 294 ill.
1614 258 1762 297 Pallas
1790 276 1850 298 au—

278 330 351 356 tem
379 334 461 356 eum
490 320 680 356 Caviarum
709 331 839 367 genere
867 321 1063 355 coniuncto
1085 321 1154 368 (¹),
1186 324 1368 371 pertinere
1396 326 1478 360 satis
1505 334 1633 362 notum
1662 337 1726 364 est.

378 388 665 438 Appropinquat
694 387 804 423 Caria
833 386 1001 438 Cobaya,
1042 388 1205 425 dentium
1232 393 1435 440 primorum
1462 396 1691 443 superiorum
1719 397 1849 439 forma,

278 456 321 492 ad
350 469 460 506 genus
488 456 736 505 Lepminum,
775 456 878 492 color
905 465 1024 493 autem
1051 460 1254 508 primorum
1288 460 1451 497 dentium
1484 476 1542 498 me
1576 476 1619 499 00
1655 463 1776 510 dux-it,
1814 476 1851 502 ut

277 524 476 569 crederem,
509 524 657 561 Caviam
678 525 866 576 Cobayam
894 528 1069 575 originem
1097 541 1167 562 non
1196 527 1327 564 ducere
1355 543 1374 565 a
1400 532 1513 567 Caria
1529 534 1686 581 Aperea,
1714 536 1851 584 quippe

277 606 370 644 quae
399 592 524 629 dentes
552 596 744 643 primores,
774 596 905 644 pagina
932 597 1062 639 antica,
1092 596 1204 632 luteos
1231 596 1375 634 habeat.

379 662 489 699 Caria
519 662 669 713 Cobaya
696 663 803 698 nobis
830 676 906 698 non
933 672 1020 700 nota
1049 672 1101 700 est
1128 666 1195 700 nisi
1224 674 1347 716 capta,
1386 681 1494 717 quam
1522 670 1570 704 ob
1597 683 1674 706 rem
1703 670 1748 706 de
1776 674 1850 707 cius

275 731 484 767 habitaculo
511 731 603 766 nihil
630 730 787 767 indicare
814 745 977 781 possum.

376 800 435 836 De
462 799 607 837 vivendi
634 799 746 835 modo
774 801 879 850 plura
907 800 978 836 dici
1004 811 1171 851 possunt,
1203 805 1405 853 inquietum
1434 807 1543 849 enim,
1574 814 1611 842 ut
1639 807 1688 842 ill.
1708 808 1849 844 Linne

275 871 335 913 ait,
367 877 419 905 est
445 868 517 904 hoe
545 868 814 910 animalculum,
845 869 981 919 loquax
1009 879 1117 920 atque
1144 873 1302 921 pipicus.

380 939 470 975 Ῑόχ
498 937 630 973 dicitur
653 941 860 986 grunniens,
891 947 1001 989 atque
1028 938 1113 975 inde
1141 953 1276 976 nomen
1295 942 1453 977 Porcelli
1476 943 1692 979 animalculo
1723 944 1846 980 datum

273 1015 338 1042 est.
382 1007 437 1041 Ex
464 1020 543 1042 mea
570 1015 689 1042 autem
717 1009 893 1043 sententia
916 1007 1047 1044 Cavifte
1070 1021 1140 1044 vox
1167 1022 1242 1044 non
1270 1022 1413 1060 semper
1435 1024 1516 1046 cum
1538 1011 1653 1047 Suum
1676 1016 1845 1062 grunnitu

274 1083 327 1112 est
359 1075 619 1125 comparanda,
660 1078 797 1125 quippe
834 1089 926 1125 quae
959 1076 1142 1112 interdum
1171 1079 1385 1125 gallinarum
1413 1083 1495 1114 'voca'
1525 1080 1695 1125 similior,
1736 1095 1845 1131 quam

272 1144 420 1179 illorum
449 1142 728 1193 quadrupedum
755 1146 812 1179 sit.
857 1143 896 1179 Si
925 1146 1021 1180 enim
1048 1145 1145 1180 bona
1173 1145 1330 1194 gaudent
1355 1147 1566 1193 valitudine,
1603 1157 1712 1198 atque
1740 1150 1843 1185 nullo

271 1211 383 1248 modo
411 1212 565 1248 sollicita
593 1220 676 1247 sunt
703 1212 792 1247 haee
819 1212 1053 1257 animalcula,
1091 1226 1205 1263 aeque
1234 1228 1274 1250 ac
1301 1216 1330 1250 si
1357 1215 1524 1252 femellae
1552 1216 1718 1266 gravidae
1746 1227 1841 1259 sunt,

271 1290 489 1332 tempusque
518 1283 626 1316 instat
652 1280 837 1331 pariendi,
876 1280 1028 1317 eandem
1057 1281 1170 1318 edunt
1194 1296 1340 1329 vocem,
1379 1298 1488 1334 quam
1515 1285 1686 1335 gallinae,
1723 1287 1846 1336 pullos

270 1359 454 1386 vocantes.
491 1349 615 1400 Atque
643 1349 735 1386 adeo
757 1358 842 1400 post
862 1358 1021 1400 partum,
1051 1353 1247 1400 praecipue
1271 1366 1395 1402 qumm
1416 1353 1527 1403 pullis
1547 1367 1718 1389 mammas
1740 1368 1843 1404 prae-

270 1420 372 1463 bent,
402 1419 492 1454 haee
521 1432 644 1454 earum
670 1431 740 1454 vox
768 1417 924 1454 auditur.
968 1418 1171 1469 Utramque
1193 1428 1325 1465 autem,
1357 1429 1393 1457 et
1418 1429 1500 1457 ante
1523 1430 1557 1458 et
1578 1430 1662 1471 post
1684 1431 1840 1472 partum,

271 1490 415 1523 missam
442 1500 571 1524 1000111
599 1486 691 1522 adeo
719 1495 927 1523 constanter
954 1488 1099 1522 auribus
1126 1490 1294 1538 percepi,
1332 1497 1372 1525 ut
1405 1489 1503 1525 illam
1531 1492 1693 1526 instantis
1720 1500 1844 1541 partus

271 1558 411 1606 signum
438 1556 623 1592 haberem.
674 1555 795 1591 Aliam
828 1564 966 1600 autem,
1005 1564 1040 1592 et
1066 1567 1342 1593 mmmmm-antem
1372 1558 1538 1608 quidem,
1575 1573 1704 1595 vocem
1733 1559 1844 1596 edunt

271 1638 403 1671 mares,
439 1639 552 1675 quum
580 1624 742 1660 femellas
769 1623 814 1659 ad
842 1623 1049 1659 coeundum
1077 1628 1231 1661 excitare
1258 1626 1399 1662 volunt.
1449 1629 1596 1676 Pl'plens
1620 1642 1710 1672 aex,
1751 1642 1842 1678 quae

271 1696 303 1730 ei
332 1693 447 1730 Suum
479 1693 602 1729 similis
636 1701 706 1735 cst,
745 1695 936 1728 maximam
970 1701 1110 1743 partem
1137 1708 1156 1729 a
1184 1694 1339 1730 femellis
1372 1694 1534 1740 auditur,
1573 1709 1647 1745 quo
1674 1705 1841 1746 tempore

270 1765 307 1798 in
334 1776 448 1798 unum
475 1763 697 1799 conveniunt
725 1761 848 1796 locum
876 1761 996 1813 deque
1025 1775 1068 1797 eo
1097 1775 1133 1798 se
1161 1764 1317 1798 invicem
1344 1762 1546 1814 depellunt.

370 1833 560 1867 Dormizmt
592 1830 660 1865 hae
694 1830 871 1866 bestiolae
903 1843 1051 1880 parum,
1090 1839 1125 1866 et
1157 1830 1243 1866 dum
1273 1834 1518 1881 quiescerent,
1557 1833 1657 1883 quod
1685 1833 1841 1870 interdiu

269 1902 464 1951 praecipue
499 1901 543 1936 ab
577 1899 664 1935 hora
702 1898 860 1935 secunda
892 1898 936 1934 ad
965 1907 1129 1948 quartam
1155 1908 1240 1950 post
1267 1900 1455 1937 meridiem
1483 1900 1646 1937 accidere
1674 1902 1761 1937 mihi
1788 1905 1839 1939 1-1-

270 1983 349 2005 sum
377 1977 442 2013 est,
473 1983 656 2019 nunquam
683 1969 800 2003 oculos
826 1968 964 2003 clausos
990 1967 1082 2011 vidi3
1122 1976 1231 2017 atque
1263 1968 1355 2004 adeo
1388 1972 1547 2005 m‘ett‘mnt
1577 1971 1635 2005 vix
1663 1984 1836 2019 unquam,

270 2040 337 2073 nisi
364 2036 464 2074 nudo
493 2036 606 2087 digito
633 2045 799 2086 tangatur
826 2036 966 2072 oculus.

371 2107 526 2142 Maxima
555 2120 597 2142 ex
624 2114 727 2156 parte
755 2118 910 2155 corpore
939 2105 1211 2154 conglomerate
1240 2105 1379 2151 sedent,
1410 2106 1591 2143 interdum
1614 2115 1746 2151 autem,
1777 2107 1838 2143 sed

270 2177 447 2211 rarissime
476 2188 534 2211 eas
562 2183 710 2211 extenso
739 2187 895 2224 corpore
925 2176 1110 2223 quiescere
1137 2173 1224 2210 vidi.
1267 2175 1311 2210 In
1336 2177 1497 2224 postieos
1524 2174 1636 2225 pedes
1662 2177 1838 2211 rarissime

270 2246 474 2294 eriguntur3
504 2246 699 2294 praecipue
728 2251 848 2280 autem
875 2242 1159 2287 mansuefactae,
1191 2244 1298 2292 eique
1325 2243 1465 2279 homini
1494 2243 1675 2287 adsuetae,
1708 2246 1769 2293 qui
1799 2246 1839 2279 iis

346 2379 398 2423 (3)
426 2385 539 2414 Ibidem
558 2396 585 2424 p.
599 2391 628 2417 11)
643 2396 703 2424 sqq.
