2446 3191
725 638 1298 700 PROOEMIUM.

230 939 429 1067 Quum
463 1018 567 1043 anno
603 1017 891 1057 MDcccxxvn,
931 1018 1000 1058 per
1035 1014 1220 1044 semestre
1255 1006 1469 1060 aestivum,
1509 1006 1700 1048 lectiones
1735 1009 1794 1048 ill.

228 1079 399 1121 Rudol
410 1096 435 1135 p
447 1081 498 1121 hi
540 1081 589 1122 cle
628 1082 825 1122 anatomia
864 1091 1088 1136 comparata
1128 1081 1440 1137 frequentarem,
1483 1085 1645 1125 miratus
1683 1101 1793 1141 sum,

226 1158 340 1214 quod
368 1159 530 1199 historia
559 1159 744 1199 naturalis
771 1159 921 1199 (ἀνῖαι)
949 1160 1133 1212 ζούιυαθ
1162 1159 1346 1199 nondum
1377 1163 1466 1202 satis
1496 1162 1652 1203 exculta
1679 1174 1793 1217 esset,

226 1238 278 1276 ita
308 1247 353 1277 ut
383 1236 447 1276 alii
477 1236 567 1277 alias
598 1236 648 1277 (10
677 1237 751 1276 hac
781 1236 950 1277 bestiola
978 1236 1170 1278 haberent
1199 1239 1425 1280 sententias.

354 1315 664 1371 Inquisitionem
694 1316 735 1356 in
764 1315 970 1355 historiam
1000 1315 1218 1356 naturalem
1246 1317 1364 1357 huius
1396 1318 1623 1359 animalculi
1655 1319 1797 1361 facilli-

226 1409 331 1434 mam
368 1405 465 1434 tunc
504 1395 694 1450 temporis
732 1393 951 1447 habebam,
994 1394 1174 1449 mihique
1209 1396 1418 1449 proposui,
1461 1412 1547 1436 eam
1582 1399 1794 1453 suscipere.

225 1473 439 1528 Aggressus
471 1483 604 1512 autem
637 1487 743 1526 rem,
781 1486 877 1511 mox
907 1469 1073 1512 edoctus
1104 1486 1213 1526 sum,
1253 1472 1367 1513 nullo
1397 1473 1522 1514 modo
1555 1474 1667 1515 facile
1697 1491 1794 1531 esse,

226 1550 276 1591 de
309 1552 460 1592 Caviae
487 1551 674 1604 Cobayae
702 1550 865 1591 historia
895 1549 1062 1590 naturali
1092 1549 1203 1605 dare,
1237 1550 1350 1606 quod
1380 1552 1603 1606 perfectum
1633 1555 1704 1608 sit,
1737 1565 1797 1595 at-

225 1645 304 1685 que
334 1630 517 1670 sufficiat.

353 1707 655 1748 Animalculum
695 1708 802 1748 enim
840 1708 919 1747 hoc
962 1706 1061 1747 adeo
1110 1706 1297 1748 timidum
1341 1703 1668 1765 nocturnumque
1710 1721 1791 1763 est,

226 1788 337 1827 cuius
367 1787 572 1826 historiam
602 1785 821 1826 naturalem
850 1783 960 1826 haud
991 1784 1103 1825 facile
1137 1787 1397 1841 perspexeris,
1437 1789 1488 1828 ita
1517 1798 1563 1828 ut
1592 1803 1795 1844 quaecun-

225 1880 303 1921 que
333 1864 383 1905 de
413 1865 494 1905 eius
527 1863 691 1905 vivendi
719 1862 845 1904 modo
877 1874 1080 1919 comperta
1108 1863 1252 1919 habeo,
1286 1875 1465 1921 tempore
1490 1866 1674 1921 hiberno,
1709 1882 1795 1906 ma-

224 1944 329 1983 xima
349 1959 395 1984 ex
415 1954 539 1999 parte,
562 1944 655 1983 anni
677 1956 939 1983 MDCCCXXVJI
963 1941 1328 1997 animadverterin13
1356 1954 1395 1984 et
1412 1943 1578 2000 quidem
1594 1955 1792 1985 nocturno

226 2033 418 2077 tempore.
471 2021 610 2076 Quum
639 2021 747 2061 enim
776 2030 999 2076 aegrotans,
1042 2035 1173 2075 neque
1202 2020 1376 2061 interdiu
1406 2032 1559 2062 attento
1588 2024 1721 2062 animo
1751 2024 1793 2062 in

225 2100 353 2140 literas
377 2100 624 2154 incumbere,
657 2114 788 2155 neque
813 2109 939 2138 noctu
964 2097 1137 2138 dormire
1158 2113 1330 2154 possem,
1358 2101 1399 2140 in
1419 2115 1567 2154 mensa,
1596 2101 1701 2142 lecto
1724 2116 1794 2156 ap-

224 2179 373 2234 posita,
415 2179 560 2219 horum
595 2177 927 2219 animalculorum
966 2177 1161 2217 nonnulla
1200 2177 1326 2218 oculis
1365 2177 1541 2218 subiecta
1579 2177 1790 2219 habebam·

225 2256 416 2311 Quamvis
446 2268 579 2298 autem
608 2258 688 2297 1100
718 2255 844 2297 modo
874 2255 1069 2295 nonnulla
1100 2254 1149 2296 de
1180 2270 1318 2296 eorum
1347 2255 1525 2311 pariendi
1555 2267 1596 2297 et
1623 2256 1795 2297 coeundi

227 2334 351 2376 modo
386 2335 517 2391 deque
551 2334 793 2389 graviditatis
829 2345 1007 2389 tempore
1044 2334 1321 2389 cognoverim,
1360 2345 1492 2375 tamen
1532 2336 1628 2375 haec
1662 2336 1795 2375 omnia

228 2415 325 2454 mihi
354 2430 493 2470 parum
524 2412 786 2454 sufficiebant.

1440 2483 1492 2530 [1]
