2446 3191
1330 182 1385 225 20

573 297 659 333 tam,
693 287 851 338 primum
879 282 986 320 edere
1013 290 1177 333 partu1n;
1211 293 1269 316 eas
1297 287 1417 315 autem
1445 278 1622 322 femellas,
1659 289 1750 327 quae
1779 276 1891 312 semel
1917 277 2141 326 pepererint,

572 357 747 394 tredecim
776 363 811 390 et
839 351 1130 404 quattuordecim
1156 347 1449 385 hebdomadibus
1476 355 1574 397 post,
1605 348 1737 382 iterum
1762 358 1904 396 parere,
1936 353 1972 381 et
1997 344 2146 394 quidem

573 434 692 462 ternas
720 423 903 467 femellas,
939 423 987 456 ita
1013 427 1066 463 ut,
1102 426 1200 454 recta
1226 419 1296 461 via,
1327 430 1346 452 a
1373 417 1494 465 primo
1522 417 1614 465 pari,
1644 417 1749 450 unius
1778 416 1861 450 anni
1889 415 2020 464 spatio,
2053 412 2144 448 duo-

575 494 691 530 decim
718 491 885 528 femellae
913 491 1114 539 gignantur,
1147 487 1190 522 31)
1219 486 1303 530 illis,
1336 497 1429 534 quae
1456 485 1594 533 primae
1621 491 1833 532 procreatae
1855 491 1951 527 sunt,
1977 484 2081 518 sicuti
2101 482 2146 518 ab

573 563 716 599 illarum
734 561 838 603 natis,
862 556 1097 607 quadraginta
1117 557 1294 605 quinque3
1324 565 1437 603 porro
1462 565 1504 588 ex
1523 551 1667 587 feminis
1686 551 1770 595 illis,
1795 564 1887 600 quae
1907 551 2021 587 altero
2040 559 2147 601 partu

574 633 612 667 in
637 631 757 666 lucem
785 626 901 663 editae
929 626 1084 670 fuerant,
1114 637 1261 660 novem.
1304 621 1412 659 Unde
1440 620 1494 665 fit,
1524 628 1565 656 ut
1591 633 1677 656 LXVI
1705 618 1889 656 individua
1911 620 1955 655 ab
1974 632 2049 655 uno
2069 621 2146 669 pari

573 698 720 749 prodire
747 697 901 747 possint,
933 694 1064 744 quibus
1091 705 1157 743 par
1183 693 1343 742 primum
1369 688 1577 726 addendum
1605 697 1671 734 est,
1703 701 1778 739 quo
1806 687 1902 724 facto
1931 701 2045 723 Lxx-111
2072 690 2146 723 ani-

574 766 727 803 malcula
754 765 968 800 habebimus
989 762 1059 811 (¹).

678 834 798 880 Quem
827 831 977 882 quidem
1004 829 1196 874 caleulum,
1228 830 1291 879 qui
1310 829 1528 878 cogitatione
1548 826 1639 863 nihil
1658 826 1738 863 falsi
1756 826 1879 871 habet,
1910 834 2031 862 tamen
2052 826 2147 875 quis-

577 916 647 954 que
675 903 830 938 multum
857 914 876 936 a
903 909 1029 936 natura
1057 898 1255 935 abhorrere
1283 897 1387 933 facile
1416 897 1607 946 intelliget.
1664 895 1703 931 Si
1731 897 1828 931 enim
1861 896 2018 940 subieci,
2056 907 2148 929 sem-

575 985 642 1022 per
668 970 830 1006 femellas
857 970 968 1013 nasci,
1005 970 1158 1017 quisque
1186 967 1441 1016 suspicabitur,
1478 965 1551 1000 hoc
1576 964 1680 999 uullo
1708 966 1800 1008 iure,
1837 965 1907 999 nisi
1935 976 2009 1013 (suo
2038 964 2147 998 maxi-

575 1053 654 1076 mus
682 1040 824 1076 eveniat
851 1050 1042 1081 numerus,
1080 1048 1155 1072 esse
1182 1035 1331 1071 factum.
1387 1032 1471 1070 Yidi
1507 1035 1624 1077 enim,
1662 1034 1815 1068 maxima
1844 1045 1887 1068 ex
1914 1040 2030 1082 parte,
2062 1039 2146 1075 tres,

577 1121 683 1158 saepe
711 1109 819 1143 etiam
846 1105 937 1142 duos
965 1105 1063 1141 solos
1090 1104 1213 1155 pullos
1241 1117 1260 1139 a
1287 1103 1442 1139 femellis
1469 1104 1580 1146 nasei,
1612 1103 1660 1138 ita
1678 1109 1719 1137 ut
1736 1101 1835 1137 hune
1853 1113 2046 1136 numerum
2067 1113 2149 1136 eum

576 1177 747 1220 habeam,
786 1177 849 1225 qui
881 1174 1118 1210 bestiolarum
1149 1181 1298 1209 naturae
1326 1170 1546 1221 respondeat
1566 1171 1636 1218 (²).
1692 1170 1753 1205 Bis
1781 1171 1878 1205 enim
1905 1168 2018 1205 modo
2047 1177 2149 1219 quat-

576 1254 661 1282 tuor
689 1243 763 1282 vidi
790 1243 912 1293 pullos
939 1251 1057 1287 natos,
1089 1249 1126 1278 et
1151 1240 1256 1278 valde
1283 1242 1431 1276 miratus
1459 1253 1550 1283 sum,
1582 1240 1619 1274 in
1640 1239 1756 1289 prima
1777 1238 1907 1273 harum
1926 1239 2148 1274 observatio-

576 1328 683 1358 num,
722 1312 863 1348 nullum
891 1324 1019 1347 eorum
1046 1323 1122 1346 esse
1149 1318 1356 1354 mortuum,
1387 1310 1559 1358 quoniam
1586 1306 1683 1343 haud
1711 1321 1793 1343 raro
1822 1306 1866 1343 de
1894 1308 2010 1343 tribus
2037 1321 2150 1342 unum

578 1382 776 1418 alterumve
796 1381 889 1415 mori
908 1378 1082 1415 viderem.
1115 1377 1226 1424 Quod
1247 1379 1365 1427 ipsum
1384 1377 1460 1411 sere
1481 1389 1626 1426 semper
1645 1376 1757 1426 paulo
1778 1384 1862 1425 post
1883 1384 2027 1425 partum
2047 1388 2148 1425 prae-

576 1449 695 1486 dicere
723 1450 841 1500 potui,
873 1450 955 1498 quia
984 1455 1098 1483 mater
1124 1446 1229 1482 illum
1254 1445 1412 1496 pullum,
1444 1446 1507 1494 qui
1533 1452 1660 1495 postea
1688 1451 1852 1479 mortuus
1881 1452 1946 1487 est,
1978 1445 2023 1479 ab
2047 1446 2150 1480 initio

576 1519 799 1569 negligebat,
831 1519 937 1567 eique
964 1516 1068 1552 nullo
1096 1514 1208 1551 modo
1236 1528 1408 1550 mammas
1435 1514 1647 1564 praebebat.

679 1586 803 1632 Quum
830 1594 950 1622 autem
976 1584 1075 1621 doct.
1096 1583 1288 1620 Freuler
1314 1591 1433 1619 narrat
1453 1582 1524 1631 (3),
1561 1595 1598 1618 se
1626 1582 1810 1618 femellam
1837 1581 2018 1626 habuisse,
2059 1594 2151 1631 quae

577 1668 652 1692 uno
679 1663 785 1705 partu
813 1662 897 1690 octo
924 1654 1048 1704 pullos
1074 1654 1295 1704 peperisset,
1335 1663 1502 1702 quaeque
1530 1658 1638 1686 nocte
1665 1653 1851 1701 sequenti,
1890 1664 1908 1686 a
1944 1664 2041 1686 mare
2075 1664 2149 1686 sae—

576 1726 657 1775 pius
689 1726 797 1768 inita,
834 1725 1015 1773 sexaginta
1049 1730 1221 1772 quattuor
1248 1720 1375 1757 diebus
1402 1729 1487 1771 post
1514 1722 1644 1756 iterum
1672 1728 1756 1756 octo
1783 1721 1985 1770 peperisset
2011 1720 2147 1770 pullos,

524 1836 528 1838 K
578 1807 654 1829 non
681 1792 786 1828 aliter
810 1805 979 1842 possum,
1013 1793 1101 1841 quin
1130 1803 1213 1826 eum
1239 1789 1306 1825 hac.
1334 1791 1371 1824 111
1398 1802 1437 1824 re
1463 1788 1569 1824 valde
1597 1801 1716 1824 errare
1744 1788 1902 1824 credam.

679 1860 887 1910 Intelligere
922 1861 1018 1896 enim
1049 1871 1216 1909 nequeo,
1253 1857 1442 1908 quomodo
1473 1857 1541 1893 hae
1574 1857 1746 1907 parwilae
1780 1858 1916 1893 bestiae
1951 1866 2056 1901 octo,
2094 1858 2152 1893 vel

580 1929 671 1966 adeo
698 1928 868 1966 undecim
888 1928 944 1977 (4)
972 1928 1095 1978 pullos
1122 1929 1160 1963 111
1185 1935 1290 1963 utero
1319 1939 1443 1976 gerere
1469 1927 1623 1976 possint,
1653 1928 1848 1976 praecipue
1878 1939 1990 1975 quum
2015 1939 2073 1962 eas
2098 1926 2148 1962 se-

578 1998 722 2043 mellas,
759 2010 851 2048 quae
881 2006 1053 2047 quattuor
1079 1995 1192 2032 modo
1221 1996 1438 2046 embryones
1465 1995 1670 2044 gestabant,
1702 2007 1805 2044 aegre
1832 1994 1984 2031 viderim
2011 1994 2150 2044 ingredi

578 2076 639 2104 aut
665 2080 823 2112 currere,
854 2068 1009 2102 instante
1036 2073 1160 2116 partus
1187 2073 1369 2115 tempore.

653 2185 705 2228 (¹)
734 2190 841 2228 Quod,
868 2201 925 2230 quo
948 2189 1059 2219 facilius
1080 2189 1205 2230 perspici
1228 2195 1338 2229 posset,
1368 2188 1493 2218 tabulam
1518 2188 1626 2226 adieci,
1651 2198 1723 2228 quae
1753 2187 1865 2217 habitae
1890 2188 2009 2217 rationis
2033 2189 2150 2217 modum

578 2242 719 2271 ostendat.

653 2296 706 2340 (⁴⁴¹)
736 2300 783 2330 Cf.
799 2301 908 2330 adIecta
927 2300 1032 2330 tabula.

653 2355 704 2399 (3)
733 2361 767 2390 L.
780 2372 804 2390 0.
824 2373 851 2400 p.
866 2364 905 2390 16.
922 2367 999 2390 nota.

655 2414 707 2458 (4)
734 2420 892 2450 Freuler
911 2421 928 2450 l.
943 2432 967 2450 c.
984 2432 1011 2460 p.
1026 2426 1066 2452 17.
1081 2419 1132 2450 sub
1148 2419 1243 2449 linem.
