2446 3191
1340 180 1397 224 22

583 295 678 332 sunt,
709 285 822 330 illam,
854 282 898 319 de
927 294 997 332 qua
1025 280 1168 316 loeutus
1195 292 1287 323 sum,
1318 284 1603 313 murmurantem
1630 288 1759 313 vocem
1786 277 2011 321 emittentes,
2042 290 2157 313 mares

582 355 820 404 femellasque
849 359 984 388 ceteras
1012 349 1214 392 circumire,
1253 347 1397 397 illisque
1426 347 1736 396 appropinquare,
1774 353 1821 390 et,
1858 345 2002 382 lascivia
2035 349 2155 383 conci-

583 434 693 469 tatas,
732 435 863 472 eorpus
899 419 943 457 ad
977 419 1120 455 illarum
1153 429 1308 466 corpora
1341 415 1538 459 acclinare,
1577 415 1730 465 illasque
1757 415 2006 465 permulcere,
2043 417 2090 451 ita
2118 424 2158 453 ut

583 492 678 530 haud
706 504 787 528 raro
816 489 994 525 dubitatio
1022 487 1111 523 mihi
1142 493 1363 529 moveretur,
1398 491 1521 519 utrum
1553 482 1717 519 femellas
1750 482 1913 520 viderem
1947 498 1992 520 an
2026 498 2154 529 mares,

583 562 817 607 inquisitione
845 565 978 601 autem,
1008 557 1128 592 statim
1154 555 1320 604 repetita,
1351 564 1496 602 semper
1523 550 1674 587 edoctus
1701 565 1794 596 sum,
1825 562 2091 590 murmurantes
2116 554 2156 589 il-

583 632 635 666 las
662 628 833 666 bestiolas
860 625 1022 662 femellas
1050 636 1139 659 esse.

683 699 761 734 Iam
787 695 832 731 de
859 703 1040 744 tempore,
1072 705 1146 743 quo
1174 690 1267 742 pulli
1295 689 1339 726 ad
1368 688 1577 726 coeundum
1603 691 1678 740 apti
1705 697 1802 735 sunt,
1832 689 2060 740 loquendum
2089 700 2155 728 est.

686 764 865 802 Femellas
893 762 1020 799 diebus
1047 774 1134 798 xmx
1162 768 1197 797 et
1224 773 1313 795 Lvm
1339 758 1596 810 praeterlapsis
1627 767 1824 809 postquam
1857 767 1960 795 natae
1996 759 2156 804 fuciunt,

584 837 721 873 coitum
748 845 914 870 exercere
948 831 1063 868 oeulis
1095 831 1184 866 meis
1217 831 1293 880 ipse
1327 827 1401 866 vidi
1429 828 1499 877 (¹).
1558 826 1640 874 Qua
1675 830 1712 863 in
1747 841 1785 864 re
1819 841 1963 879 semper
1997 828 2157 864 animad-

584 906 675 941 verti
702 902 885 939 femellam
911 899 1104 937 stridorem
1132 898 1253 943 edere,
1285 911 1359 948 quo
1387 905 1554 948 ternpore
1573 910 1648 932 mas
1666 910 1800 947 penem
1818 899 2003 942 iniecerat,
2034 898 2159 933 simul-

586 985 656 1023 que
684 985 766 1008 eum
792 982 889 1006 mare
917 968 1084 1019 genitalia
1111 980 1173 1003 sua
1200 967 1375 1002 lambere.
1430 966 1496 1001 His
1525 978 1567 1001 ex
1595 965 1699 1002 dietis
1732 968 1914 1017 sequitur,
1952 967 2005 1002 ill.
2029 965 2160 1003 Oken

585 1053 720 1078 errasse
741 1039 811 1088 (²),
844 1052 957 1089 quum
984 1036 1133 1081 (liceret,
1163 1036 1282 1086 pullas
1310 1034 1473 1071 femellas
1500 1047 1576 1070 non
1602 1036 1817 1085 priusquam
1843 1048 1984 1071 menses
2012 1048 2073 1071 sex
2096 1049 2157 1071 na—

584 1118 637 1146 tas
664 1108 708 1145 ad
736 1109 873 1144 coitum
900 1105 1141 1143 exercendum
1168 1112 1268 1155 aptas
1296 1117 1386 1140 esse.
1442 1102 1508 1140 Sin
1535 1112 1656 1140 autem
1681 1104 1826 1141 locutus
1855 1112 1908 1140 est
1935 1103 1980 1140 de
2005 1117 2048 1141 eo
2068 1113 2158 1141 tem-

584 1191 690 1229 pore,
729 1189 803 1228 quo
829 1176 924 1226 pulli
950 1188 1065 1211 mares
1092 1188 1175 1210 cum
1202 1186 1286 1209 suae
1313 1174 1437 1208 aetatis
1465 1172 1620 1208 femellis
1648 1174 1747 1209 coire
1774 1173 1929 1218 soleant,
1967 1182 2004 1210 et
2029 1173 2096 1210 hac
2124 1176 2160 1210 in

584 1260 623 1283 re
650 1259 717 1297 per
743 1257 903 1282 errorem
931 1257 1014 1280 eum
1040 1243 1183 1294 lapsum
1209 1241 1363 1278 habeam
1391 1249 1551 1292 oportet.

684 1314 882 1350 Femellam
909 1314 1006 1349 enim
1032 1312 1171 1356 habeo,
1204 1323 1296 1361 quae
1325 1309 1400 1346 (lies
1429 1323 1561 1346 chxlv
1589 1318 1691 1354 nata,
1730 1309 1822 1347 duos
1849 1312 1993 1362 peperit
2019 1311 2155 1362 pullos,

585 1396 717 1419 marem
745 1391 781 1419 et
807 1381 990 1418 femellam
1010 1380 1082 1429 (3)
1139 1378 1251 1425 Quod
1279 1387 1320 1414 ut
1347 1387 1577 1428 compertum
1602 1378 1794 1423 haberem,
1831 1378 1889 1415 die
1917 1393 1994 1416 xm.
2025 1383 2158 1416 mensis

582 1453 723 1495 Martii,
759 1450 903 1502 pullum
929 1462 1086 1494 marem,
1124 1450 1187 1499 qui
1214 1455 1318 1483 natus
1346 1446 1415 1482 fuit
1446 1454 1554 1482 nocte
1588 1460 1607 1482 a
1642 1445 1700 1482 (lie
1735 1460 1803 1483 ΧΠ.
1834 1447 1878 1483 ad
1914 1462 1995 1484 xm.
2026 1451 2158 1485 mensis

581 1521 751 1564 Ianuarii,
782 1532 867 1569 ergo
895 1517 971 1554 (lies
999 1531 1113 1563 van,
1145 1525 1181 1553 et
1206 1524 1279 1552 tres
1306 1515 1484 1559 femellas,
1517 1529 1670 1565 quarum
1696 1529 1766 1551 una
1796 1514 1855 1552 die
1883 1530 1964 1561 xm,
1994 1517 2158 1568 reliquae

583 1589 674 1625 (luae
702 1588 759 1624 (lie
787 1601 878 1623 xxn.
908 1589 1041 1623 mensis
1067 1587 1225 1622 Ianuarii
1257 1592 1361 1620 natae
1396 1584 1560 1629 fuerunt,
1598 1586 1636 1620 in
1670 1585 1879 1621 cubiculum
1914 1599 2036 1622 meum
2070 1600 2156 1637 por-

582 1659 673 1702 tavi,
710 1657 775 1692 ubi
807 1669 924 1706 usque
959 1654 1003 1692 ad
1040 1653 1076 1691 id
1110 1662 1253 1705 tempus
1287 1660 1490 1703 segregatae
1526 1654 1572 1688 ab
1606 1653 1758 1704 reliquis
1790 1654 2015 1691 animalculis
2043 1664 2158 1691 aetate

582 1728 654 1762 iam
683 1725 972 1777 prevectioribus
1003 1731 1301 1775 permanserunt,
1340 1736 1415 1773 quo
1448 1722 1678 1758 femellarum
1710 1736 1782 1759 una
1815 1725 2030 1774 peperisset.
2085 1724 2158 1760 Die

583 1808 663 1831 xm.
693 1795 825 1830 mensis
851 1793 936 1829 Iulii
961 1806 1033 1828 una
1060 1792 1309 1836 femellarum,
1346 1790 1404 1826 die
1431 1804 1523 1827 xxti.
1554 1793 1686 1827 mensis
1712 1791 1870 1827 Ianuarii
1897 1801 2074 1838 natarum,
2105 1795 2158 1829 uti

584 1876 692 1913 supra
719 1863 1014 1907 commemoravi,
1043 1862 1209 1912 peperit3
1243 1859 1341 1896 unde
1368 1861 1545 1910 sequitur,
1576 1873 1655 1896 eam
1682 1859 1758 1896 dies
1787 1873 1919 1897 chxw
1946 1870 2066 1898 natam
2092 1876 2156 1913 pe-

583 1933 732 1982 perisse.
789 1930 913 1977 Quum
939 1939 1060 1967 autem
1085 1931 1304 1980 primiparae
1331 1941 1416 1965 LXVI
1445 1927 1521 1964 dies
1555 1930 1592 1964 in
1625 1937 1732 1965 utero
1767 1938 1911 1980 gerant,
1950 1930 2050 1980 quod
2086 1933 2156 1967 iam

583 2013 691 2051 supra
711 1999 767 2049 (4)
795 1999 991 2050 significavi
1017 2007 1054 2036 et
1085 2000 1122 2035 in
1154 1998 1276 2034 tabula
1312 2010 1513 2048 exponam,
1551 2010 1630 2034 eam
1665 1997 1741 2034 dies
1777 2012 1837 2035 cix
1868 2008 1989 2036 natam
2023 2013 2153 2035 conee-

582 2070 677 2120 pisse
704 2070 942 2119 conspicuum
970 2076 1044 2114 est;
1075 2066 1175 2118 quod
1202 2075 1346 2118 tempus
1374 2080 1410 2103 lv
1436 2068 1615 2103 mensium
1643 2069 1798 2118 spatium
1824 2081 1900 2104 non
1927 2069 2101 2119 complet.

657 2184 711 2227 (¹)
740 2188 787 2218 Cf.
801 2189 897 2218 tabula
910 2189 1021 2218 adiecta
1039 2188 1093 2217 litt.
1104 2191 1132 2216 F
1142 2194 1171 2217 et
1189 2191 1223 2217 G.

658 2244 711 2286 (²)
740 2248 787 2278 Cf.
802 2248 854 2278 l.c.
869 2249 1003 2289 pag.82.'‡.
1024 2258 1057 2277 ex
1074 2247 1170 2277 tabula
1186 2248 1295 2277 adiecta
1313 2247 1365 2277 sub
1386 2248 1440 2277 litt.
1454 2251 1492 2277 H.
1512 2248 1612 2278 videre
1630 2249 1740 2288 poteris
1759 2249 1800 2278 ill.
1817 2249 1917 2278 Oken
1938 2249 2046 2279 dictum
2065 2259 2101 2278 ne
2120 2250 2154 2278 ad

582 2299 676 2338 pullos
691 2299 807 2339 quidem
822 2310 912 2329 mares
927 2299 1098 2329 coniunctos
1113 2310 1178 2328 cum
1194 2298 1317 2328 femellis
1331 2299 1416 2338 pullis
1431 2299 1589 2338 pertinere.

659 2353 711 2397 (3)
741 2358 787 2388 Cf.
803 2359 898 2388 tabula
912 2359 1023 2389 adiecta
1038 2359 1138 2389 liudi.

656 2413 709 2455 (s')
737 2418 784 2448 Cf.
799 2430 882 2459 supra
900 2430 928 2459 p.
940 2424 971 2450 17
987 2419 1079 2448 initio.
